<?xml version="1.0" encoding="UTF-8"?><collection xmlns="http://www.loc.gov/MARC21/slim"><record><leader>00346nam  2200085ua 45e0</leader><controlfield tag="008">070529s9999    xx            000 0 und d</controlfield><datafield ind1="1" ind2=" " tag="100"><subfield code="a">Praed, Campbell,</subfield><subfield code="c">Mrs,</subfield><subfield code="d">1851-1935.</subfield></datafield><datafield ind1="1" ind2="0" tag="245"><subfield code="a">Lady Bridget in the Never-Never Land</subfield><subfield code="h">[electronic resource] /</subfield><subfield code="c">Rosa Praed.</subfield></datafield><datafield ind1=" " ind2=" " tag="500"><subfield code="a">An ebook provided by Project Gutenberg Australia.</subfield></datafield><datafield ind1="4" ind2="0" tag="856"><subfield code="u">http://gutenberg.net.au/ebooks/e00110.txt </subfield></datafield></record></collection>